%%%%%%%%%%%%%%%%%%%%%%%%%%%%%%%%%%%%%%%%%%%%%%%%%%%%%%%%%%%%%%%%%%%%%

@inproceedings{Wolfson:MOD,
	title = {Location Management in Moving Objects Databases},
	author = {Ouri Wolfson and Sam Chamberlain and Son Dao and Liqin Jiang},
	booktitle = {WOSBIS},
	year = {1997}
}

%%%%%%%%%%%%%%%%%%%%%%%% position tracking %%%%%%%%%%%%%%%%%%%%%%%%%%

%%survey

@article{Leonhardi:Comparison,
	author = {A. Leonhardi and K. Rothermel},
	title = {A Comparison of Protocols for Updating Location Information},
	journal = {Cluster Computing: The Journal of Networks, Software Tools and Applications},
	volume = {4},
	number = {4},
	pages = {355--367},
	year = {2001}	
}

%plain position tracking

@inproceedings{Wolfson:PlainDR,
	title = {Modeling and Querying Moving Objects},
	author = {A. Prasad Sistla and Ouri Wolfson and Sam Chamberlain and Son Dao},
	booktitle = {ICDE},
	year = {1997}
}

%adaptive position tracking

@article{Wolfson:PositionTracking,
	author = {O. Wolfson and A. P. Sistla and S. Chamberlain and Y. Yesha},
	title = {Updating and Querying Databases that Track Mobile Units},
	journal = {Distributed and Parallel Databases},
	volume = {7},
	number = {3},
	pages = {257--287},
	year = {1999}	
}

%road based position tracking

@inproceedings{Lam:AdaptiveDR,
	author = {Kam--Yiu Lam and Ozgur Ulusoy and Tony S.H. Lee and Edward Chan and Guohui Li and Tat Chee Avenue},
	title = {An Efficient Method for Generating Location Updates for Processing of Location-Dependent Continuous Queries},
	booktitle = {DASFAA},
	year = {2001}
}

%road based position tracking

@inproceedings{Wolfson:RoadTracking,
	author = {Ouri Wolfson and Huabei Yin},
	title = {Accuracy and Resource Consumption in Tracking and Location Prediction},
	booktitle = {SSTD},
	year = {2003}
}


%road based position tracking, acc
@article{Civilis:Techniques,
	author = {Alminas Civilis and Christian S. Jensen and Stardas Pakalnis},
	title = {Techniques for efficient road-network-based tracking of moving objects},
	journal = {TKDE},
	volume = {17},
	number = {5},
	pages = {698--712},
	year = {2005}	
}

%road based position tracking,
@inproceedings{Civilis:RoadTracking,
	author = {Alminas Civilis and  Christian Jensen and J. Nenortaite and S. Pakalnis},
	title = {Efficient Tracking of Moving Objects with Precision Guarantees},
	booktitle = {Mobile and Ubiquitous Systems: Networking and Services},
	year = {2004}
}



%%%%%%%%%%%%%%%%%%%%%%%% traj tracking %%%%%%%%%%%%%%%%%%%%%%%%%%

@inproceedings{Trajcevski:LDRH,
	author = {Goce Trajcevski and  Hu Cao and Peter Scheuermanny and Ouri Wolfsonz and Dennis Vaccaro},
	title = {On-line Data Reduction and the Quality of History in Moving Objects Databases},
	booktitle = {MobiDE},
	year = {2006}
}

@inproceedings{Lange:GRTS,
	author = {R. Lange and T. Farrell and F. Durr and K. Rothermel},
	title = {Remote Real-Time Trajectory Simplification},
	booktitle = {PerCom},
	year = {2009}	
}	

@article{Lange:Tracking,
	author = {Ralph Lange and Frank D\"{u}rr and Kurt Rothermel},
	title = {Efficient real-time trajectory tracking},
	journal = {VLDBJ},
	volume = {20},
	number = {5},
	pages = {671--694},
	year = {2011}	
}

@article{Ghica:DTracking,
	author = {Oliviu Ghica and Goce Trajcevski and Ouri Wolfson and Ugo Buy and Peter Scheuermann and Fan Zhou and Dennis Vaccaro},
	title = {Trajectory Data Reduction in Wireless Sensor Networks},
	journal = {IJNGC},
	volume = {1},
	number = {1},
	pages = {28--51},
	year = {2010}	
}


%%%%%%%%%%%%%%%%%%%%%%%%%%%%%%%%%%%%%%%%%%%%%%%%%%%%%%%%%%%%%%%%%%%%%
%%%%%%%%%%%%%%%%%%%%%%% traj simplification %%%%%%%%%%%%%%%%%%%%%%%%%
%%%%%%%%%%%%%%%%%%%%%%%%%%%%%%%%%%%%%%%%%%%%%%%%%%%%%%%%%%%%%%%%%%%%%

@book{physics-trajectory,
	author    = {Rohit Metha and V.K.Mehta},
	title     = {The Principles of Physics},
	publisher = {S Chand},
	year      = {1999}
}



@inproceedings{Meratnia:Spatiotemporal,
	author    = {Nirvana Meratnia and Rolf A. de By},
	title     = {Spatiotemporal Compression Techniques for Moving Point Objects},
	booktitle   = {EDBT},
	year      = {2004}
}


@inproceedings{Liu:BQS,
	author    = {Jiajun Liu and
	Kun Zhao and
	Philipp Sommer and
	Shuo Shang and
	Brano Kusy and
	Raja Jurdak},
	title     = {Bounded Quadrant System: Error-bounded trajectory compression on the go},
	booktitle = {ICDE},
	year      = {2015}
}

@article{Liu:Amnesic,
	author    = {Jiajun Liu and Kun Zhao and Philipp Sommer and Shuo Shang and Brano Kusy and Jae-Gil Lee and Raja Jurdak},
	title     = {A Novel Framework for Online Amnesic Trajectory Compression in	Resource-constrained Environments},
	journal   = {TKDE},
	volume    = {28},
	number    = {11},
	pages     = {2827-2841},
	year      = {2016}
}

@inproceedings{Muckell:SQUISH,
	author    = {Jonathan Muckell and
	Jeong{-}Hyon Hwang and
	Vikram Patil and
	Catherine T. Lawson and
	Fan Ping and
	S. S. Ravi},
	title     = {{SQUISH:} an online approach for {GPS} trajectory compression},
	booktitle = {COM.Geo},
	year      = {2011}
}

@article{Muckell:Compression,
	author ={Jonathan Muckell and Paul W. Olsen and Jeong-Hyon Hwang and Catherine T. Lawson and S. S. Ravi},
	title = {Compression of trajectory data: a comprehensive evaluation and new approach},
	journal = {GeoInformatica},
	volume = {18},
	number = {3},
	pages = {435--460},
	year = {2014}	
}

@inproceedings{Muckell:Survey,
	author ={Jonathan Muckell and Jeong-Hyon Hwang and Catherine T. Lawson and S. S. Ravi},
	title = {Algorithms for compressing GPS trajectory data: an empirical evaluation},
	booktitle = {ACM-GIS},
	year = {2010}	
}

@inproceedings{Chen:Trajectory,
	author    = {Yukun Chen and
	Kai Jiang and
	Yu Zheng and
	Chunping Li and
	Nenghai Yu},
	title     = {Trajectory simplification method for location-based social networking services},
	booktitle = {{LBSN}},
	year      = {2009}
}



@article{Cao:Spatio,
	author = {Hu Cao and Ouri Wolfson and Goce Trajcevski},
	title = {Spatio-temporal data reduction with deterministic error bounds},
	journal = {VLDBJ},
	volume = {15},
	number = {3},
	pages = {211--228},
	year = {2006}	
}


@article{Long:Direction,
	author = {Cheng Long and Raymond Chi-Wing Wong and H.V. Jagadish},
	title = {Direction-preserving trajectory simplification},
	journal = {PVLDB},
	volume = {6},
	number = {10},
	pages = {949--960},
	year = {2013}	
}

@article{Long:Mining,
	author = {Cheng Long and Raymond Chi-Wing Wong and H.V. Jagadish},
	title = {Trajectory Simplification: On Minimizing the Direction-based Error},
	journal = {PVLDB},
	volume = {8},
	number = {1},
	pages = {49--60},
	year = {2014}	
}

@inproceedings{Ke:Interval,
	author    = {Bingqing Ke and Jie Shao and Dongxiang Zhang},
	title     = {An Efficient Online Approach for Direction-Preserving Trajectory Simplification with Interval Bounds},
	booktitle = {{MDM}},
	year      = {2017}
}


@inproceedings{Potamias:Sampling,
	author    = {Michalis Potamias and
	Kostas Patroumpas and
	Timos K. Sellis},
	title     = {Sampling Trajectory Streams with Spatiotemporal Criteria},
	booktitle = {{SSDBM}},
	year      = {2006}
}

@inproceedings{Chen:Compression,
	author = {Minjie Chen and Mantao Xu and Pasi Fr\"{a}nti},
	title = {Compression of GPS trajectories},
	booktitle = {{DCC}},
	year = {2012}	
}


@article{Nibali:Trajic,
	author = {Aiden Nibali and Zhen He},
	title = {{Trajic}: An Effective Compression System for Trajectory Data},
	journal = {TKDE},
	volume = {27},
	number = {11},
	pages = {3138--3151},
	year = {2015}
}


@inproceedings{Trajcevski:DDR,
	author = {Goce Trajcevski and Hu Cao and Peter Scheuermanny and Ouri Wolfsonz and Dennis Vaccaro},
	title = {On-line Data Reduction and the Quality of History in Moving Objects Databases},
	booktitle = {MobiDE},
	year = {2006}
}

@inproceedings{Trajcevski:Compression,
	author    = {Goce Trajcevski},
	title     = {Compression of Spatio-temporal Data -- Advanced Seminar},
	booktitle = {MDM},
	year      = {2016}
}

@article{Lin:Operb,
	author    = {Xuelian Lin and
	Shuai Ma and
	Han Zhang and
	Tianyu Wo and
	Jinpeng Huai},
	title     = {One-Pass Error Bounded Trajectory Simplification},
	journal   = {{PVLDB}},
	volume    = {10},
	number    = {7},
	pages     = {841--852},
	year      = {2017}
}

@article{Lin:Cised,
	author    = {Xuelian Lin and Jiahao Jiang and Shuai Ma and 	Yimeng Zuo and 	Chunming Hu},
	title     = {One-Pass Trajectory Simplification Using the Synchronous Euclidean Distance},
	journal   = {VLDBJ},
	volume    = {28},
	number    = {6},
	pages     = {897--921},
	year      = {2019}
}


%Graph, LISSED
@article{Chen:Fast,
	author    = {Minjie Chen and Mantao Xu and	Pasi Fr{\"{a}}nti},
	title     = {A Fast Multiresolution Polygonal Approximation Algorithm for {GPS} Trajectory Simplification},
	journal   = {TIP},
	volume    = {21},
	number    = {5},
	pages     = {2770--2785},
	year      = {2012}
}

%Graph, LISSED,
%Fake! Plagiarism!!!!!!!!!!!!!
@article{Wu:Graph,
	author    = {Fan Wu and Kun Fu and Yang Wang and Zhibin Xiao},
	title     = {A Graph-Based Minimal Number and Error-Optimal Trajectory Simplification Algorithm and Its Extension towards Online Services},
	journal   = {ISPRS International Journal of Geo-Information},
	volume    = {6},
	number    = {19},
	pages  	  = {1--21},
	year      = {2017}
}

%ISSED
@article{Cao:Dots,
	author    = {W. Cao and Y. Li},
	title     = {{DOTS}: An online and near-optimal trajectory simplification algorithm},
	journal   = {Journal of Systems and Software},
	volume    = {126(Supplement C)},
	pages	={34--44},
	year      = {2017}
}


%Evaluation
@article{Zhang:Evaluation,
	author    = {Dongxiang Zhang and Mengting Ding and Dingyu Yang and Yi Liu and Ju Fan and Heng Tao Shen},
	title     = {Trajectory Simplification: An Experimental Study and Quality Analysis},
	journal   = {PVLDB},
	volume    = {9},
	number    = {11},
	pages     = {934--946},
	year      = {2018}
}

@inproceedings{MuckellHLR10,
	author    = {Jonathan Muckell and
	Jeong{-}Hyon Hwang and
	Catherine T. Lawson and
	S. S. Ravi},
	title     = {Algorithms for compressing {GPS} trajectory data: an empirical evaluation},
	booktitle = {{ACM-GIS}},
	year      = {2010}
}






%%%%%%%%%%%%%%%%%%%%%%%%%%%%%%%%%%%%%%%%%%%%%%%%%%%%%%%%%%%%%%%%%%%%%%%%%%%%%%
%%%%%%%%%%%%%%%%%%%%%%%%%%%%%%%% Semantic %%%%%%%%%%%%%%%%%%%%%%%%%%%%%%%%%

@article{Popa:Spatio,
	author = {Iulian Sandu Popa and Karine Zeitouni and VincentOria and Ahmed Kharrat},
	title = {Spatio-temporal compression of trajectories in road networks},
	journal = {GeoInformatica},
	volume = {19},
	number = {1},
	pages = {117--145},
	year = {2014}	
}

@inproceedings{Schmid:Semantic,
	author    = {Falko Schmid and
	Kai{-}Florian Richter and
	Patrick Laube},
	title     = {Semantic Trajectory Compression},
	booktitle = {SSTD},
	year      = {2009} 	
}

@article{Richter:Semantic,
	author = {Kai-Florian Richter and Falko Schmid and Patrick Laube},
	title = {Semantic trajectory compression: Representing urban movement in a nutshell},
	journal = {JOSIS},
	volume    = {4},
	number    = {1},
	pages     = {3--30},
	year      = {2012}
}

@article{Hung:Clustering,
	author = {Chih Chieh Hung and WenChih Peng and WangChien Lee},
	title = {Clustering and aggregating clues of trajectories for mining trajectory patterns and routes},
	journal = {VLDBJ},
	volume = {24},
	number = {2},
	pages = {169--192},
	year = {2015}	
}


@article{Song:PRESS,
	author    = {Renchu Song and Weiwei Sun and Baihua Zheng and Yu Zheng},
	title     = {{PRESS}: A Novel Framework of Trajectory Compression in Road Networks},
	journal   = {PVLDB},
	volume    = {7},
	number    = {9},
	pages     = {661--672},
	year      = {2014}
}


@article{Han:Compress,
	author    = {Yunheng Han and Weiwei Sun and Baihua Zheng},
	title     = {{COMPRESS}: A Comprehensive Framework of Trajectory Compression in Road Networks},
	journal   = {{TODS}},
	volume    = {42},
	number    = {2},
	pages     = {11:1--11:49},
	year      = {2017}
}


@article{Gotsman:Compaction,
	author = {Ranit Gotsman and Yaron Kanza},
	title = {A Dilution-matching-encoding compaction of trajectories over road networks},
	journal = {{GeoInformatica}},
	volume    = {19},
	number    = {2},
	pages     = {331--364},
	year = {2015}	
}


@article{Kellaris:Map,
	author    = {Georgios Kellaris and Nikos Pelekis and Yannis Theodoridis},
	title     = {Map-matched trajectory compression},
	journal   = {The Journal of Systems and Software},
	volume    = {86},
	pages     = {1566--1579},
	year      = {2013}
}




@inproceedings{Koide:CiNCT,
	author    = { Satoshi Koide and Yukihiro Tadokoro and Chuan Xiao and Yoshiharu Ishikawa},
	title     = {CiNCT: Compression and Retrieval for Massive Vehicular Trajectories via Relative Movement Labeling},
	booktitle = {ICDE},
	year      = {2018} 	
}


@inproceedings{Cao:Road,
	author    = {Hu Cao and Ouri Wolfson},
	title     = {Nonmaterialized Motion Information in Transport Networks},
	booktitle = {ICDT},
	year      = {2005} 	
}

@inproceedings{Li:Uncertain,
	author    = {Tianyi Li and Ruikai Huang and Lu Chen and Christian S. Jensen and Torben Bach Pedersen},
	title     = {Compression of Uncertain Trajectories in Road Networks},
	booktitle = {PVLDB},
	year      = {2020} 	
}

%%%%%%%%%%%%%%%%%%%%%%%%%%%%%%%%%%%%%%%%%%%%%%%%%%%%%%%%%%%%%%%%%%%%%%%%%%%%%%
%%%%%%%%%%%%%%%%%%%%%%%%%%%%%%%% Grahpic %%%%%%%%%%%%%%%%%%%%%%%%%%%%%%%%%

%optimum
@article{Imai:Optimal,
	author={Hiroshi Imai and Masao Iri},
	title={Computational-geometric methods for polygonal approximations of a curve},
	journal={Computer Vision, Graphics, and Image Processing},
	volume = {36},
	year={1986},
	pages={31--41}
}


%optimum, n^2logn, by using the on-line convex hull algorithms
@inproceedings{Toussaint:Optimal,
	title={On the complexity of approximating polygonal curves in the plane},
	author={G. T. Toussaint},
	booktitle={International Symposium on Robotics and Automation},
	year={1985}
}

%optimum, n^2logn, cone intersection
@article{Melkman:Optimal,
	author={Avraham Melkman and Joseph O'Rourke},
	title={On Polygonal Chain Approximation},
	journal={Machine Intelligence and Pattern Recognition},
	volume = {6},
	year={1988},
	pages = {87--95}
}


%optimum, N^2 time
%International Journal of Computational Geometry and Applications
@article{Chan:Optimal,
	author={W. Chan and F. Chin},
	title={Approximation of polygonal curves with minimum number of line segments},
	journal={IJCGA},
	volume = {6},
	number = {1},
	pages = {378--387},
	year={1996}
}

%optimum, N space
%International Journal of Computational Geometry and Applications
@article{Chen:Space,
	author={Danny Z. Chen and Ovidiu Daescu},
	title={Space-efficient algorithms for approximating polygonal curves in two dimensional space},
	journal={IJCGA},
	volume = {13},
	number = {2},
	pages = {95--111},
	year={2002}
}

%3D
@article{Barequet:3D,
	author={Gill Barequet and Danny Z. Chen and Ovidiu Daescu and Michael T. Goodrich and Jack Snoeyink},
	title={Efficiently approximating polygonal paths in three and higher dimensions},
	journal={Algorithmica},
	volume = {33},
	number = {2},
	pages = {150--167},
	year={2002}
}

%3D
@article{Eu:Ln3D,
	author={D. Eu and G. T. Toussaint},
	title={On approximation polygonal curves in two and three dimensions},
	journal={CVGIP: Graphical Models and Image Processing},
	volume = {56},
	number = {3},
	pages = {231--246},
	year={1994}
}


%optimal, L1, Uniform metric
@article{Agarwal:Metric,
	author = {P. K. Agarwal and K. R. Varadarajan},
	title = {Efficient Algorithms for Approximating Polygonal Chains},
	journal = {Discrete and Computational Geometry},
	volume = {23},
	pages = {273--291},
	year = {2000}	
}


@article{Douglas:Peucker,
	author = {David H Douglas and Thomas K Peucker},
	title = {Algorithms for the reduction of the number of points required to represent a digitized line or its caricature},
	journal = {The Canadian Cartographer},
	volume = {10},
	number = {2},
	pages = {112--122},
	year = {1973}
}


@inproceedings{Heckbert:Survey,
	author={Paul S. Heckbert and Michael Garland},
	title={Survey of Polygonal Surface Simplification Algorithms},
	booktitle={SIGGRAPH},
	year={1997}
}

@article{Ramer:Split,
	author = {U. Ramer},
	title = {An iterative procedure for the polygonal approximation of plane curves},
	journal = {Computer Graphics and Image Processing},
	volume = {1},
	pages = {244--256},
	year = {1972}
}

@article{Pavlidis:Segment,
	author = {Theodosios Pavlidis and Steven L. Horowitz},
	title = {Segmentation of Plane Curves},
	journal = {TOC},
	volume = {23},
	number = {8},
	year = {1974},
	pages = {860--870}
}


@article{Williams:Longest,
	author={Charles M. Williams},
	title={An efficient algorithm for the piecewise linear approximation of planar curves},
	journal={Computer Graphics and Image Processing},
	volume = {8},
	pages={286--293},
	year={1978}
}

@article{Williams:Bounded,
	author={Charles M. Williams},
	title={Bounded Straight-Line Approximation of Digitized Planar Curves and Lines},
	journal={Computer Graphics and Image Processing},
	volume = {16},
	pages={370--381},
	year={1981}
}



@article{Sklansky:Cone,
	author={J. Sklansky and V. Gonzalez},
	title={Fast polygonal approximation of digitized curves},
	journal={Pattern Recognition},
	volume = {12},
	year={1980},
	pages={327--331}
}


@article{Dunham:Cone,
	author={James George Dunham},
	title={Optimum Uniform Piecewise Linear Approximation of Planar Curves},
	journal   = {{TPAMI}},
	volume = {8},
	number={1},
	pages={67--75},
	year={1986},
}

@article{Hershberger:Speeding,
	author = {John Hershberger and Jack Snoeyink},
	title = {Speeding up the Douglas-Peucker line-simplification algorithm},
	journal = {Technical Report, University of British Columbia},
	year = {1992}	
}



@inproceedings{Shamos:Circle,
	title={Geometric intersection problems},
	author={Shamos and Michael Ian and Dan, Hoey},
	booktitle={Symposium on Foundations of Computer Science},
	year={1976}
}

@article{ORourke:intersection,
	title={A new linear algorithm for intersecting convex polygons},
	author={O'Rourke, Joseph and Chien, Chi Bin and Olson, Thomas and Naddor, David},
	journal={Computer Graphics and Image Processing},
	volume={19},
	number={4},
	pages={384--391},
	year={1982}
}

@article{Badi:Functional,
	author={F. Badi'i and B. Peikari},
	title={Functional approximation of planar curves via adaptive segmentation},
	journal={International Journal of Systems Science},
	volume = {13},
	year={1982},
	pages={667--674}
}



@article{Pavlidis:Survey,
	author={T. Pavlidis},
	title={Algorithms for Graphics and Image Processing},
	journal={New York: Computer Science},
	year={1982},
	pages={281--297}
}

@article{Roberge:Reduction,
	author={J. Roberge},
	title={A data reduction algorithm for planar curves},
	journal={Computer Vision, Graphics, and Image Processing},
	volume = {29},
	year={1985},
	pages={168--195}
}

@article{Shi:Survey,
	author = {Wenzhong Shi and Chuikwan Cheung},
	title = {Performance Evaluation of Line Simplification Algorithms for Vector Generalization},
	journal = {Cartographic Journal},
	volume = {43},
	number = {1},
	pages = {27--44},
	year = {2006}	
}

@article{Mitchell:MiniRevisited,
	author = {Joseph S. B. Mitchell and Valentin Polishchuk and Mikko Sysikaski},
	title = {Minimum-link paths revisited},
	journal = {Computational Geometry},
	volume = {47},
	number = {6},
	pages = {651--667},
	year = {2014}	
}


@inproceedings{Reumann:Strip,
	author = {K. Reumann and A.P.M Witkam},
	title = {Optimizing curve segmentation in computer graphics},
	booktitle = {International Computing Symposium},
	year = {1974}	
}

@inproceedings{Zhao:Sleeve,
	author = {Zhiyuan Zhao and Alan Saalfeld},
	title = {Linear-time sleeve-fitting polyline simplification algorithms},
	booktitle = {AutoCarto},
	year = {1997}
}



@article{Opheim:Reduction,
	author = {H. Opheim},
	title = {Fast data reduction of a digitized curve},
	journal = {{GeoProcessing}},
	year = {1982}	
}

%not cite
@article{Daescu:metric,
	author = {Ovidiu Daescu and Ningfang Mi},
	title = {Polygonal chain approximation: a query based approach},
	journal = {Computational Geometry},
	volume = {30},
	pages = {41--58},
	year = {2005}	
}


@article{Weibel:Generalization,
	author = {Robert Weibel},
	title = {Generalization of spatial data: Principles and selected algorithms},
	journal = {Algorithmic Foundations of Geographic Information Systems},
	year = {1997}	
}

@article{Weibel:Generalising,
	author = {Robert Weibel and Genevieve Dutton},
	title = {Generalising spatial data and dealing with multiple representations},
	journal = {Computer Science},
	year = {1999}	
}





%%%%%%%%%%%%%%%%%%%%%%%%%%%%%%%%%%%%%%%%%%%%%%%%%%%%%%%%%%%%%%%%%
%%%%%%%%%%%  distances and queries, applications %%%%%%%%%%%%%%%%%

@article{Trajcevski:Uncertainty,
	author = {G. Trajcevski and O.Wolfson and K. Hinrichs and S. Chamberlain},
	title = {Managing uncertainty in moving objects databases},
	journal = {ACM Transactions on Database Systems (TODS)},
	volume = {29},
	number = {3},
	pages = {463--507},
	year = {2004}	
}

@article{Zhao:Clustering,
	author = {Liangbin Zhao and Guoyou Shi},
	title = {A trajectory clustering method based on Douglas-Peucker compression and
	density for marine traffic pattern recognition},
	journal = {Ocean Engineering},
	volume = {172},
	pages = {456--467},
	year = {2019}	
}

@article{Mazimpaka:Mining,
	author = {Jean Damasc??ne Mazimpaka and Sabine Timpf},
	title = {Trajectory data mining: A review of methods and applications},
	journal = {Journal of Spatial Information Science},
	volume = {13},
	pages = {61--99},
	year = {2016}	
}


%%%%%%%%%%%%%%%%%%%%%%%%%%%%%%%%%%%%%%%%%%%%%%%%%%%%%%%%%%%%%%%%%
%%%%%%%%%%%  Time Series %%%%%%%%%%%%%%%%%%%%%%%%%%%%%%%%%%%%%%%%


@article{ORourke:Fitting,
	author={Joseph O'Rourke},
	title={An On-Line Algorithm for Fitting Straight Lines Between Data Ranges},
	journal={Communications of the ACM},
	volume = {24},
	number = {9},
	pages = {574--578},
	year={1981}
}



@inproceedings{Keogh:online,
	author = {Eamonn J. Keogh and
	Selina Chu and
	David M. Hart and
	Michael J. Pazzani},
	title     = {An Online Algorithm for Segmenting Time Series},
	booktitle = {{ICDM}},
	year    = {2001}
}

@inproceedings{Luo:Streaming,
	author={Ge Luo and Ke Yi and Siu-Wing Cheng and Zhenguo Li and Wei Fan and Cheng He and Yadong Mu},
	title={Piecewise Linear Approximation of Streaming Time Series Data with Max-error Guarantees},
	booktitle={ICDE},
	year={2015}
}

@article{Xie:Stream,
	author={Qing Xie and Chaoyi Pang and Xiaofang Zhou and Xiangliang Zhang and Ke Deng},
	title={Maximum error-bounded Piecewise Linear Representation for online stream approximation},
	journal={VLDBJ},
	year={2014}
}

@article{Elmeleegy:Stream,
	author    = {Hazem Elmeleegy and
	Ahmed K. Elmagarmid and
	Emmanuel Cecchet and
	Walid G. Aref and
	Willy Zwaenepoel},
	title     = {Online Piece-wise Linear Approximation of Numerical Streams with Precision Guarantees},
	journal   = {{PVLDB}},
	volume    = {2},
	number    = {1},
	pages     = {145--156},
	year      = {2009}
}



%%%%%%%%%%%%%%%%%%%%%%%%%%%%%%%%%%%%%%%%%%%%%%%%%%%%%%%%%%%%%%%%%
%%%%%%%%%%%  datasets %%%%%%%%%%%%%%%%%%%%%%%%%%%%%%%%%%%%%%%%

@article{Web:Mopsi,
	author = {R. Mariescu-Istodor and P.  Fr\"{a}nti},
	title = {Grid-based method for GPS route analysis for retrieval},
	journal = {ACM Transactions on Spatial Algorithms and Systems},
	volume    = {3},
	number    = {3},
	year      = {2017}
}


@article{Web:GeoLife,
	author    = {Yu Zheng and
	Xing Xie and
	Wei{-}Ying Ma},
	title     = {{GeoLife}: {A} Collaborative Social Networking Service among User, Location
	and Trajectory},
	journal   = {{IEEE} Data Eng. Bull.},
	volume    = {33},
	number    = {2},
	pages     = {32--39},
	year      = {2010}
}


%%%%%%%%%%%%%%%%%%%%%%%%%%%%%%%%%%%%%%%%%%%%%%%%%%%%%%%%%%%%%%%%%
%%%%%%%%%%%  Others %%%%%%%%%%%%%%%%%%%%%%%%%%%%%%%%%%%%%%%%
@article{Hargitai:Projection,
	author    = {Henrik Hargitai and Jue Wang and Philip J. Stooke and Irina Karachevtseva and Akos Kereszturi and M?ty?s Gede},
	title     = {Map Projections in Planetary Cartography},
	journal   = {Lecture Notes in Geoinformation and Cartography, Springer International Publishing},
	year      = {2017}
}


@article{Quddus:MapMatching,
	author    = {M.A. Quddus and W.Y. Ochieng and R.B. Noland},
	title     = {Current map-matching algorithms for transport applications: State-of-the art and future research directions},
	journal   = {Transportation research part c: Emerging technologies},
	volume    = {15},
	number    = {5},
	pages     = {312--328},
	year      = {2007}
}


@misc{mThesis,
	author    = {R. van Hunnik},
	title = {Extensive comparison of trajectory simplification algorithms. Master Thesis},
	booktitle = {Master Thesis},
	year  = {2017}
}

@book{physics:trajectory,
	author    = {Rohit Metha and V.K.Mehta},
	title     = {The Principles of Physics for 11},
	publisher = {S Chand},
	year      = {1999}
}


